@book{james2021introduction,
  title={An Introduction to Statistical Learning: with Applications in R},
  author={James, Gareth and Witten, Daniela and Hastie, Trevor and Tibshirani, Robert},
  year={2021},
  edition={2},
  publisher={Springer},
  address={New York, NY},
  doi={10.1007/978-1-0716-1418-1},
  isbn={978-1-0716-1417-4}
}

@misc{data_cleaning_tidyverse,
  author       = {Ignacio Sarmiento-Barbieri},
  title        = {Limpieza de datos con tidyverse},
  year         = {2024},
  howpublished = {Notebook proporcionado como material del curso}
}

@misc{missing_values_part1,
  author       = {Gustavo Castillo-Álvarez and Ignacio Sarmiento-Barbieri},
  title        = {Data Pre-processing: Visualizing and handling Missing Values (Part 1)},
  year         = {2024},
  howpublished = {Notebook proporcionado como material del curso}
}

@misc{missing_values_part2,
  author       = {Gustavo Castillo-Álvarez and Ignacio Sarmiento-Barbieri},
  title        = {Data Pre-processing: Visualizing and handling Missing Values (Part 2)},
  year         = {2024},
  howpublished = {Notebook proporcionado como material del curso}
}

@misc{claude2023conversations,
  title={Conversaciones con Claude AI Assistant},
  author={{Anthropic}},
  year={2023},
  note={Utilizado para estructura de documentos LaTeX, y mejoramiento del código en R}
}

@misc{chatgpt2023conversations,
  title={Conversaciones con ChatGPT},
  author={{OpenAI}},
  year={2023},
  note={Utilizado para estructura de documentos LaTeX, y mejoramiento del código en R}
}

@misc{uniandes-bdml-2025-10-ps-3,
    author = {Naus},
    title = {Uniandes BDML 2025_10 PS3},
    year = {2025},
    howpublished = {\url{https://kaggle.com/competitions/uniandes-bdml-2025-10-ps-3}},
    note = {Kaggle}
}